
@inproceedings{balsa2022cryptography,
  title={Cryptography, Trust and Privacy: It’s Complicated},
  author={Balsa, E. and Nissenbaum, H. and Park, S.},
  booktitle={Proceedings of the 2022 Symposium on Computer Science and Law},
  year={2022},
  doi={10.1145/3511265.3550443}
}

@article{bellovin2012going,
  title={Going Bright: Wiretapping without Weakening Communications Infrastructure},
  author={Bellovin, S. M. and Blaze, M. and Clark, S. and Landau, S.},
  journal={IEEE Security \& Privacy},
  volume={11},
  number={1},
  pages={62--72},
  year={2012},
  doi={10.1109/msp.2012.138}
}

@article{cmaaustralia2022optus,
  title={The dark side of invading social media privacy: Optus data hack},
  author={{CMA Australia}},
  journal={On Target},
  year={2022},
  url={https://ontarget.cmaaustralia.edu.au/optus-data-hack-the-dark-side-of-invading-social-media-privacy/}
}

@article{davies2023security,
  title={Security Analysis of the WhatsApp End-to-End Encrypted Backup Protocol},
  author={Davies, G. T. and Faller, S. and Gellert, K. and Handirk, T. and Hesse, J. and Horvath, M. and Jager, T.},
  journal={Cryptology ePrint Archive},
  year={2023},
  url={https://ia.cr/2023/843}
}

@article{diggelmann2014privacy,
  title={How the Right to Privacy Became a Human Right},
  author={Diggelmann, O. and Cleis, M. N.},
  journal={Human Rights Law Review},
  volume={14},
  number={3},
  pages={441--458},
  year={2014},
  doi={10.1093/hrlr/ngu014}
}

@article{dragu2021digital,
  title={Digital authoritarianism and the future of human rights},
  author={Dragu, T. and Lupu, Y.},
  journal={International Organization},
  volume={75},
  number={4},
  pages={1--27},
  year={2021},
  doi={10.1017/s0020818320000624}
}

@article{florek2014prism,
  title={The Problems with PRISM: How A Modern Definition of Privacy Necessarily Protects Privacy Interests in Digital Communications},
  author={Florek, A.},
  journal={The John Marshall Journal of Information Technology \& Privacy Law},
  volume={30},
  number={3},
  pages={5},
  year={2014}
}

@misc{greenwald2013nsa,
  title={NSA Prism program taps in to user data of Apple, Google and others},
  author={Greenwald, G. and MacAskill, E.},
  year={2013},
  url={https://www.theguardian.com/world/2013/jun/06/us-tech-giants-nsa-data}
}

@misc{hicks2022export,
  title={Export of Digital Surveillance Technologies From China to Developing Countries},
  author={Hicks, J.},
  year={2022},
  doi={10.19088/k4d.2022.123}
}

@article{horan2021cyber,
  title={Cyber Crime Investigation: Landscape, Challenges, and Future Research Directions},
  author={Horan, C. and Saiedian, H.},
  journal={Journal of Cybersecurity and Privacy},
  volume={1},
  number={4},
  pages={580--596},
  year={2021},
  doi={10.3390/jcp1040029}
}

@article{ibdah2021privacy,
  title={Why Should I Read the Privacy Policy, I Just Need the Service: A Study on Attitudes and Perceptions Toward Privacy Policies},
  author={Ibdah, D. and Lachtar, N. and Raparthi, S. M. and Bacha, A.},
  journal={IEEE Access},
  volume={9},
  pages={166465--166487},
  year={2021},
  doi={10.1109/access.2021.3130086}
}

@misc{bbc2017privacy,
  title={Is privacy dead in an online world?},
  year={2017},
  url={https://www.bbc.com/news/technology-41483723}
}

@article{jawaid2020privacy,
  title={Privacy vs National Security},
  author={Jawaid, T.},
  journal={International Journal of Computer Trends and Technology},
  volume={68},
  number={7},
  pages={1--7},
  year={2020},
  doi={10.14445/22312803/ijctt-v68i7p101}
}

@article{jiang2024privacy,
  title={Pervasive User Data Collection from Cyberspace: Privacy Concerns and Countermeasures},
  author={Jiang, Y. and Baee, M. A. R. and Simpson, L. R. and Gauravaram, P. and Pieprzyk, J. and Zia, T. and Zhao, Z. and Le, Z.},
  journal={Cryptography},
  volume={8},
  number={1},
  pages={5},
  year={2024},
  doi={10.3390/cryptography8010005}
}

@article{kan2023differential,
  title={Seeking the ideal privacy protection: Strengths and limitations of differential privacy},
  author={Kan, K.},
  journal={Monetary and Economic Studies},
  volume={41},
  pages={49--80},
  year={2023}
}

@article{kshetri2020privacy,
  title={Is Privacy Dead?},
  author={Kshetri, N. and DeFranco, J. F.},
  journal={IT Professional},
  volume={22},
  number={5},
  pages={4--12},
  year={2020},
  doi={10.1109/mitp.2020.2992148}
}

@article{maqsood2017cryptography,
  title={Cryptography: A Comparative Analysis for Modern Techniques},
  author={Maqsood, F. and Ahmed, M. and Mumtaz, M. and Ali, M.},
  journal={International Journal of Advanced Computer Science and Applications},
  volume={8},
  number={6},
  year={2017},
  doi={10.14569/ijacsa.2017.080659}
}

@inproceedings{murthy2019anonymization,
  title={A Comparative Study of Data Anonymization Techniques},
  author={Murthy, S. and Abu Bakar, A. and Abdul Rahim, F. and Ramli, R.},
  booktitle={IEEE BigDataSecurity-HPSC-IDS},
  year={2019},
  doi={10.1109/BigDataSecurity-HPSC-IDS.2019.00063}
}

@misc{ormiston2023privacy,
  title={Privacy Isn’t Dead; It’s Just Evolving. Here’s How to Keep Up},
  author={Ormiston, R.},
  year={2023},
  url={https://www.osano.com/articles/privacy-isnt-dead}
}

@misc{osibeyond2022printer,
  title={Printer cybersecurity risks 101},
  author={OSIbeyond},
  year={2022},
  url={https://www.osibeyond.com/blog/printer-cyber-security-risks-101/}
}

@book{packet2012privacy,
  title={The Privacy \& Security Research Paper Series},
  author={Packet, D.},
  year={2012}
}

@incollection{raab2012surveillance,
  title={Surveillance: Extending the Limits of Privacy Impact Assessment},
  author={Raab, C. and Wright, D.},
  booktitle={Privacy Impact Assessment},
  pages={363--383},
  year={2012},
  publisher={Springer},
  doi={10.1007/978-94-007-2543-0_17}
}

@article{richards2013surveillance,
  title={The dangers of surveillance},
  author={Richards, N. M.},
  journal={Harv. L. Rev.},
  volume={126},
  pages={1934},
  year={2013},
  url={http://ssrn.com/abstract=2239412}
}

@misc{romaniuk2018china,
  title={China's Great Firewall and the politics of media control},
  author={Romaniuk, S. N.},
  year={2018},
  url={https://www.ualberta.ca/en/china-institute/news/the-latest/2018/december/chinas-great-firewall.html}
}

@inproceedings{salem2021privacy,
  title={The Privacy versus Disclosure Appetite Dilemma: Mitigation by Recommendation},
  author={Salem, R. B. and A{\"i}meur, E. and Hage, H.},
  booktitle={OHARS@ RecSys},
  pages={14--32},
  year={2021}
}

@techreport{shen2011privacy,
  title={Privacy enhancing technologies: A review},
  author={Shen, Y. and Pearson, S.},
  institution={Hewlet Packard Development Company},
  year={2011}
}

@misc{socket_webtracking,
  title={Web tracking 101: Understanding how websites collect data},
  author={Socket},
  note={Accessed: 2024-09-15},
  url={https://www.socket.net/blog/posts/tech/web-tracking-101-understanding-how-websites-collect-data}
}

@article{solove2020privacy_paradox,
  title={The Myth of the Privacy Paradox},
  author={Solove, D. J.},
  journal={SSRN Electronic Journal},
  year={2020},
  doi={10.2139/ssrn.3536265}
}

@article{soykan2022collaborative_ml,
  title={A Survey and Guideline on Privacy Enhancing Technologies for Collaborative Machine Learning},
  author={Soykan, E. U. and Karacay, L. and Karakoc, F. and Tomur, E.},
  journal={IEEE Access},
  volume={10},
  pages={97495--97519},
  year={2022},
  doi={10.1109/access.2022.3204037}
}

@article{tavani2001privacy,
  title={Privacy protection, control of information, and privacy-enhancing technologies},
  author={Tavani, H. T. and Moor, J. H.},
  journal={ACM SIGCAS Computers and Society},
  volume={31},
  number={1},
  pages={6--11},
  year={2001},
  doi={10.1145/572277.572278}
}

@book{veliz2020privacy,
  title={Privacy is power},
  author={Veliz, C.},
  year={2020},
  publisher={Random House Australia}
}

@misc{wood2006surveillance,
  title={A report on the Surveillance Society full report},
  author={Wood, D. M. and Ball, K. and Lyon, D. and Norris, C. and Raab, C. and Amoore, L. and Graham, S. and Green, N.},
  year={2006},
  url={https://ico.org.uk/media/about-the-ico/documents/1042390/surveillance-society-full-report-2006.pdf}
}

@article{jordan2022privacy,
  title={Selecting privacy-enhancing technologies for managing health data use},
  author={Jordan, S. and Fontaine, C. and Hendricks-Sturrup, R. M.},
  journal={Frontiers in Public Health},
  volume={10},
  pages={Article 814163},
  year={2022},
  doi={10.3389/fpubh.2022.814163}
}

@article{radanliev2023hacking,
  title={Hacking for IoT: A brief overview of recent research},
  author={Radanliev, P. and De Roure, D. and Van Kleek, M. and Montalvo, R. M.},
  journal={Internet of Things},
  volume={13},
  pages={100292},
  year={2023},
  url={https://www.sciencedirect.com/science/article/pii/S2667345223000238}
}